@Misc{digitalocean_2017, 
title={Extract links from webpage (BeautifulSoup)},
OPTnote={https://pythonspot.com/extract-links-from-webpage-beautifulsoup/},
OPTannote={DigitalOcean},
OPTyear={2017}
}

@misc{bsdoc_2015, 
title={Beautiful Soup Documentation}, 
Opturl={https://www.crummy.com/software/BeautifulSoup/bs4/doc/}, 
journal={Beautiful Soup Documentation - Beautiful Soup 4.4.0 documentation}, 
publisher={Beautiful Soup}, 
year={2015}
}

@misc{stackoverflow, 
title={Beautiful Soup to parse url to get another urls data}, 
url={https://stackoverflow.com/questions/4462061/beautiful-soup-to-parse-url-to-get-another-urls-data}, 
journal={python - Beautiful Soup to parse url to get another urls data - Stack Overflow}
} 

@misc{broder_2003, 
title={Graph structure in the web}, 
url={http://www9.org/w9cdrom/160/160.html}, 
journal={The 14th International World Wide Web Conference 2005}, 
publisher={AltaVista Company, San Mateo, CA; IBM Almaden Research Center, San Jose, CA; Compaq Systems Research Center, Palo Alto, CA}, 
author={Broder, Andrel and Kumar, Ravi and Maghoul, Farzin and Raghavan, Prabhakar and Rajagopalan, Sridhar and Stata, Raymie and Tomkins, Andrew and Wiener, Janet}, 
year={2003}, 
month={Oct}
}
